<collection xmlns="http://www.loc.gov/MARC21/slim">
<record>
  <leader>00999nam0a2200217 i 450 </leader>
  <controlfield tag="001">IT\ICCU\CNCE\015671</controlfield>
  <controlfield tag="005">20071005000000.0</controlfield>
  <datafield tag="012" ind1=" " ind2=" ">
    <subfield code="a">doin adn- :*u- Glex (C) 1557 (R)</subfield>
    <subfield code="2">fei</subfield>
  </datafield>
  <datafield tag="100" ind1=" " ind2=" ">
    <subfield code="a">19970101d1557        0itac0103    ba</subfield>
  </datafield>
  <datafield tag="101" ind1=" " ind2=" ">
    <subfield code="a">LAT</subfield>
  </datafield>
  <datafield tag="102" ind1=" " ind2=" ">
    <subfield code="a">IT</subfield>
  </datafield>
  <datafield tag="200" ind1="1" ind2=" ">
    <subfield code="a">Officium confratrum S. Augustini &amp; S. Dominici &amp; S. Francisci de Perusia</subfield>
  </datafield>
  <datafield tag="210" ind1=" " ind2=" ">
    <subfield code="e">In \Pe!rugia</subfield>
    <subfield code="g">al Leone alli XV de decembre</subfield>
    <subfield code="h">1557</subfield>
  </datafield>
  <datafield tag="215" ind1=" " ind2=" ">
    <subfield code="a">\36! c.</subfield>
    <subfield code="c">ill.</subfield>
    <subfield code="d">8ʻ</subfield>
  </datafield>
  <datafield tag="620" ind1=" " ind2=" ">
    <subfield code="a">IT</subfield>
    <subfield code="d">Perugia</subfield>
  </datafield>
  <datafield tag="710" ind1="0" ind2="0">
    <subfield code="a">Confraternita di S. Agostino, S. Domenico e S. Francesco</subfield>
    <subfield code="c"> &lt;Perugia&gt;</subfield>
    <subfield code="3">IT\ICCU\CNCT\004227</subfield>
  </datafield>
  <datafield tag="712" ind1="0" ind2="0">
    <subfield code="a">Bianchini, Girolamo</subfield>
    <subfield code="3">IT\ICCU\CNCT\001692</subfield>
    <subfield code="4">650</subfield>
  </datafield>
  <datafield tag="791" ind1="0" ind2="0">
    <subfield code="a">Fraternite di S. Agostino, S. Domenico e S. Francesco</subfield>
    <subfield code="c"> &lt;Perugia&gt;</subfield>
    <subfield code="3">IT\ICCU\CNCT\004228</subfield>
    <subfield code="z">Confraternita di S. Agostino, S. Domenico e S. Francesco &lt;Perugia&gt;</subfield>
  </datafield>
  <datafield tag="791" ind1="0" ind2="2">
    <subfield code="a">℗al segno del ℗Leone</subfield>
    <subfield code="c"> &lt;Perugia</subfield>
    <subfield code="c"> ; 1544-1557&gt;</subfield>
    <subfield code="3">IT\ICCU\CNCT\002730</subfield>
    <subfield code="z">Bianchini, Girolamo</subfield>
  </datafield>
  <datafield tag="801" ind1=" " ind2="3">
    <subfield code="a">IT</subfield>
    <subfield code="b">ICCU</subfield>
    <subfield code="c">20201114</subfield>
  </datafield>
  <datafield tag="899" ind1=" " ind2=" ">
    <subfield code="a">Biblioteca comunale Augusta. Perugia</subfield>
    <subfield code="1">PG0109</subfield>
    <subfield code="2">UM1 01</subfield>
  </datafield>
</record>
</collection>
